@misc{wikipedia2025numeracion,
  author = {{Numeración de las artes}},
  title = {\textit{[En Wikipedia]}},
  note = {Recuperado (2025, Enero 9) de \url{https://es.wikipedia.org/wiki/Numeraci%C3%B3n_de_las_artes}}
}

@misc{wikipedia2025mfcc,
  author = {{MFCC}},
  title = {\textit{[En Wikipedia]}},
  note = {Recuperado (2025, Enero 10) de \url{https://es.wikipedia.org/wiki/MFCC}}
}

@misc{wikipedia2025espectrograma,
  author = {{Espectrograma}},
  title = {\textit{[En Wikipedia]}},
  note = {Recuperado (2025, Enero 9) de \url{https://es.wikipedia.org/wiki/Espectrograma}}
}

@misc{sibetrans2025coherencia,
  author = {{\textit{Cruces, F. (2022, Junio)}}},
  title = {\textit{Niveles de coherencia musical: la aportación de la música a la construcción de mundos}},
  note = {\textit{Recuperado de \url{{https://www.sibetrans.com/trans/articulo/225/niveles-de-coherencia-musical-la-aportacion-de-la-musica-a-la-construccion-de-mundos}}}}
}

@article{goodfellow2014gan,
  author = {{Goodfellow, I and Pouget-Abadie, J. and Mirza, M. and Xu, B. and Warde-Farley, D. and Ozair, S. and Courville, A. and Bengio, Y.}},
  title = {Generative adversarial networks},
  journal = {arXiv preprint arXiv:1406.2661},
  year = {2014},
  url = {https://arxiv.org/abs/1406.2661}
}

@article{kingma2013vae,
  author = {{Kingma, Diederik P. and Welling, Max}},
  title = {Auto-Encoding Variational Bayes},
  journal = {arXiv preprint arXiv:1312.6114},
  year = {2013},
  url = {https://arxiv.org/abs/1312.6114}
}

@article{vaswani2017transformers,
  author = {{Vaswani, A. and Shazeer, N. and Parmar, N. and Uszkoreit, J. and Jones, L. and Gomez, A. and Kaiser, L. and Polosukhin, I.}},
  title = {Attention Is All You Need},
  journal = {arXiv preprint arXiv:1706.03762},
  year = {2017},
  url = {https://arxiv.org/abs/1706.03762}
}

@misc{upm2023music,
  author = {{\textit{Carpintero Castilla, A. (2023, Junio)}}},
  title = {\textit{Modelo de red neuronal convolucional para la generación de música "Lo-Fi"}},
  note = {\textit{Recuperado de \url{{https://oa.upm.es/75007}}}}
}

@misc{state_of_the_art2023,
  author = {{\textit{Santiago, F. and García Fronti, J. (s.f.)}}},
  title = {\textit{Estado del arte en modelos generativos}},
  note = {\textit{Recuperado de \url{{https://m72109.readthedocs.io/es/latest/vision/state-of-the-art.html}}}}
}

@misc{telefonica2023music,
  title = {\textit{Telefónica Tech. (2023)}},
  note = {\textit{Recuperado de \url{{https://telefonicatech.com/blog/ai-of-things-vi-inteligencia-artificial-generativa-g
enerar-musica}}}}
}

@misc{vidhya2023generativeAI,
  author = {{\textit{Banjara, B. (2023, Agosto)}}},
  title = {\textit{Unleashing Generative AI with VAEs, GANs, and Transformers}},
  note = {\textit{Recuperado de \url{{https://www.analyticsvidhya.com/blog/2023/07/generative-ai-with-vaes-gans-transformers}}}}
}

@misc{arxiv2023ganmusic,
  author = {{Ziyi, J. and Ruoxue, W. and Zhenghan, C. and Xiaoxuan, L. (2023, Octubre)}},
  title = {Music Generation based on Generative Adversarial Networks with Transformer},
  note = {\textit{Recuperado de \url{{https://arxiv.org/abs/2309.09075}}}}
}

@article{roberts2018musicvae,
  author = {{Roberts, A. and Engel, J. and Raffel, C. and Hawthorne, C. and Eck, D.}},
  title = {A Hierarchical Latent Vector Model for Learning Long-Term Structure in Music},
  journal = {arXiv preprint arXiv:1803.05428},
  year = {2019, Noviembre},
  url = {https://arxiv.org/abs/1803.05428}
}

@misc{jin2022transformer,
  author = {{Jin, C. and Wang, T. and Li, X. and Tie, Y. and  Liu, S. and  Yan, M. and  Li, Y. and Wang, J. and Huang, S. (2022)}},
  title = {\textit{A Transformer Generative Adversarial Network for Multi‐Track Music Generation}},
  note = {DOI: \url{{https://doi.org/10.1049/cit2.12065}}}}
}

@article{dong2018musegan,
  author = {{Dong, H. and Hsiao, W. and Yang, L. and Yang, Y.}},
  title = {MuseGAN: Multi-track Sequential Generative Adversarial Networks for Symbolic Music Generation and Accompaniment},
  journal = {arXiv preprint arXiv:1709.06298},
  year = {2017, Noviembre},
  url = {https://arxiv.org/abs/1709.06298}
}

@misc{musicalecer2025digitalizacion,
  author = {{\textit{CJFV. (2025)}}},
  title = {\textit{La digitalización del sonido}},
  note = {\textit{Recuperado de \url{{https://musicalecer.com/el-sonido-digital/la-digitalizacion-del-sonido/}}}}
}

@misc{musicalecer2025formatosaudio,
  author = {{\textit{CJFV. (2025)}}},
  title = {\textit{La digitalización del sonido}},
  note = {\textit{Recuperado de \url{{https://musicalecer.com/el-sonido-digital/formatos-de-audio-digital/}}}}
}

@misc{rae_aprender,
  author = {{Real Academia Española (2025).}},
  title = {\textit{Diccionario de la lengua española}},
  note = {de \url{{https://dle.rae.es/aprender}}}
}

@article{huang2018musictransformer,
  title={Music Transformer: Generating Music with Long-Term Structure},
  author = {{Huang, C. and Simon, I. and Dinculescu, S. and others}},
  journal={Magenta: Google AI},
  year={2018},
  url={https://magenta.tensorflow.org/music-transformer}
}

@article{dhariwal2020jukebox,
  title={Jukebox: A Generative Model for Music},
  author = {{Dhariwal, P. and Jun, H. and Payne, C.;x others}},
  journal={OpenAI},
  year={2020},
  url={https://openai.com/blog/jukebox}
}

@article{paszke2019pytorch,
  title={PyTorch: An Imperative Style, High-Performance Deep Learning Library},
  author = {{Paszke, A. and Gross, S. and Massa, F. and Lerer, A. and Bradbury, J. and Chanan, G. and Killeen, T. and Lin, Z. and Gimelshein, N. and Antiga, L.}},
  journal={arXiv preprint arXiv:1912.01703},
  year={2019}
}

@misc{jukebox2020,
  title={Jukebox: A Generative Model for Music},
  author = {{Dhariwal, P. and Jun, H. and Kim, J. and Radford, A. and Sutskever, I.}},
  year={2020},
  url={https://openai.com/blog/jukebox}
}

@misc{art_of_science_vae,
  title = {From Art Thief to AI Artist: The Variational Autoencoder},
  author = {{Art of Saience}},
  year = {2025},
  url = {https://newsletter.artofsaience.com/p/from-art-thief-to-ai-artist-the-variational},
}

@misc{xenonstack2025,
  author = {{\textit{Sairam Sundaresan. (2023, Abril)}}},
  title = {\textit{The Complete Guide to Generative AI Architecture}},
  note = {\textit{Recuperado de \url{{https://medium.com/xenonstack-ai/the-complete-guide-to-generative-ai-architecture-5a579da59c40}}}}
}

@misc{botpenguin2025,
  author = {{\textit{BotPenguin. (2025)}}},
  title = {\textit{Transformer Architecture}},
  note = {\textit{Recuperado de \url{{https://botpenguin.com/glossary/transformer-architecture}}}}
}

%inproceedings{vaswani2017attention,
%  title={Attention is All You Need},
%  author={Vaswani, Ashish and Shazeer, Noam and Parmar, Niki and Uszkoreit, Jakob and Jones, Llion and Gomez, Aidan N. and Kaiser, Łukasz and Polosukhin, Illia},
%  booktitle={Advances in Neural Information Processing Systems (NeurIPS)},
%  volume={30},
%  year={2017}
%}

@misc{hyperphysics_transducers,
  author = {{Nave, Carl R. (2025)}},
  title = {Transducers and Transduction},
  note = {de \url{http://hyperphysics.phy-astr.gsu.edu/hbasees/Sound/tralon.html}}
}

@article{sathish2023crispmlq,
  author    = {{Sathish V.}},
  title     = {CRISP-ML(Q): A Methodical Approach to Quality Assurance and Machine Learning Development},
  journal   = {Medium},
  year      = {2023},
  url       = {https://medium.com/@sathishv700/crisp-ml-q-a-methodical-approach-to-quality-assurance-and-machine-learning-development-a8026222ba14},
}

@misc{TDSP,
  author = {{Microsoft, (2025)}},
  title = {Team Data Science Process},
  note = {de \url{https://github.com/Azure/Microsoft-TDSP}}
}

@misc{TDSP-PM,
  author = {{Data Science PM, (2025)}},
  title = {Team Data Science Process Overview},
  note = {de \url{https://www.datascience-pm.com/tdsp/}}
}

@misc{palacio2011scrum,
  author = {{\textit{Palacio, J. and Ruata, C. (2011)}}},
  title = {\textit{Scrum Manager Gestión de Proyectos}},
  note = {España: Scrum Manager}
}

@misc{05MIARlibro,
  author = {{\textit{Cortés, G (2018)}}},
  title = {\textit{Aprendizaje Supervisado. Máster Universitario en Inteligencia Artificial - Módulo de Aprendizaje Automático}},
  note = {España: Universidad Internacional de Valencia}
}

@misc{studer2021crispmlq,
  author = {{Stefan S. and Thanh B. and Christian D. and Alexander H. and Ludwig W. and Steven P. and Klaus-Robert M. (2022)}},
  title = {\textit{Towards CRISP-ML(Q): A Machine Learning Process Model with Quality Assurance Methodology}},
  note = {DOI: \url{{https://doi.org/10.3390/make3020020}}}}
}

@misc{crispml,
  author = {{\textit{ML-Ops Community (2025)}}},
  title = {\textit{CRISP-ML: Cross Industry Standard Process for Machine Learning}},
  note = {\textit{Recuperado de \url{{https://ml-ops.org/content/crisp-ml}}}}
}

@misc{geeksforgeeks2025jupyter,
  author = {{\textit{GeeksforGeeks (2025)}}},
  title = {\textit{How to Connect a Local JupyterLab to a Remote Kernel}},
  note = {\textit{Recuperado de \url{{https://www.geeksforgeeks.org/how-to-connect-a-local-jupyterlab-to-a-remote-kernel/}}}}
}

@misc{vscode2025jupyter,
  author = {{(2025)}},
  title = {\textit{Jupyter Kernel Management - Python Environments}},
  note = {\textit{Recuperado de \url{https://code.visualstudio.com/docs/datascience/jupyter-kernel-management\#_python-environments}}}
}

@misc{UMLgotaAgota,
  author = {{\textit{Fowler, M. and Scott, K. (1999)}}},
  title = {\textit{UML Gota a Gota}}},
  note = {México: Pearson Education}
}